@InProceedings{dataset,
    author = {N. Kumar and A. C. Berg and P. N. Belhumeur and S. K. Nayar},
    title = {{A}ttribute and {S}imile {C}lassifiers for {F}ace {V}erification},
    booktitle = {IEEE International Conference on Computer Vision (ICCV)},
    month = {Oct},
    year = {2009}
}

@InProceedings{vggfacenet,
    author = {O. M. Parkhi, A. Vedaldi, A. Zisserman},
    title = {{D}eep {F}ace {R}ecognition},
    booktitle = {British Machine Vision Conference (BMVC)},
    year = {2015}
}

@incollection{NIPS20124683,
	title = {Multimodal Learning with Deep Boltzmann Machines},
	author = {Srivastava, Nitish and Salakhutdinov, Ruslan R},
	booktitle = {Advances in Neural Information Processing Systems 25},
	editor = {F. Pereira and C. J. C. Burges and L. Bottou and K. Q. Weinberger},
	pages = {2222--2230},
	year = {2012},
	publisher = {Curran Associates, Inc.},
	url = {http://papers.nips.cc/paper/4683-multimodal-learning-with-deep-boltzmann-machines.pdf}
}

@inproceedings{salakhutdinov2009deep,
  title={Deep boltzmann machines},
  author={Salakhutdinov, Ruslan and Hinton, Geoffrey E},
  booktitle={International conference on artificial intelligence and statistics},
  pages={448--455},
  year={2009}
}

@phdthesis{salakhutdinov2009learning,
  title={Learning deep generative models},
  author={Salakhutdinov, Ruslan},
  year={2009},
  school={University of Toronto}
}

@inproceedings{bengio2013generalized,
  title={Generalized denoising auto-encoders as generative models},
  author={Bengio, Yoshua and Yao, Li and Alain, Guillaume and Vincent, Pascal},
  booktitle={Advances in Neural Information Processing Systems},
  pages={899--907},
  year={2013}
}

@article{vincent2010stacked,
  title={Stacked denoising autoencoders: Learning useful representations in a deep network with a local denoising criterion},
  author={Vincent, Pascal and Larochelle, Hugo and Lajoie, Isabelle and Bengio, Yoshua and Manzagol, Pierre-Antoine},
  journal={The Journal of Machine Learning Research},
  volume={11},
  pages={3371--3408},
  year={2010},
  publisher={JMLR. org}
}

@article{gauthier2014conditional,
  title={Conditional generative adversarial nets for convolutional face generation},
  author={Gauthier, Jon},
  journal={Class Project for Stanford CS231N: Convolutional Neural Networks for Visual Recognition, Winter semester},
  volume={2014},
  year={2014}
}

@inproceedings{goodfellow2014generative,
  title={Generative adversarial nets},
  author={Goodfellow, Ian and Pouget-Abadie, Jean and Mirza, Mehdi and Xu, Bing and Warde-Farley, David and Ozair, Sherjil and Courville, Aaron and Bengio, Yoshua},
  booktitle={Advances in Neural Information Processing Systems},
  pages={2672--2680},
  year={2014}
}

@article{gregor2015draw,
  title={DRAW: A recurrent neural network for image generation},
  author={Gregor, Karol and Danihelka, Ivo and Graves, Alex and Wierstra, Daan},
  journal={arXiv preprint arXiv:1502.04623},
  year={2015}
}

@article{deep2016tutorial,
  title={Denoising Autoencoders (dA)},
  author={LISA Lab},
  year={2016}
}

@inproceedings{marc2007efficient,
  title={Efficient learning of sparse representations with an energy-based model},
  author={Marcâ€™Aurelio Ranzato, Christopher Poultney and Chopra, Sumit and LeCun, Yann},
  booktitle={Proceedings of NIPS},
  year={2007}
}

@article{vincent2011connection,
  title={A connection between score matching and denoising autoencoders},
  author={Vincent, Pascal},
  journal={Neural computation},
  volume={23},
  number={7},
  pages={1661--1674},
  year={2011},
  publisher={MIT Press}
}

@article{jia2014caffe,
  Author = {Jia, Yangqing and Shelhamer, Evan and Donahue, Jeff and Karayev, Sergey and Long, Jonathan and Girshick, Ross and Guadarrama, Sergio and Darrell, Trevor},
  Journal = {arXiv preprint arXiv:1408.5093},
  Title = {Caffe: Convolutional Architecture for Fast Feature Embedding},
  Year = {2014}
}

@Misc{,
  author =    {Eric Jones and Travis Oliphant and Pearu Peterson and others},
  title =     {{SciPy}: Open source scientific tools for {Python}},
  year =      {2001--},
  url = "http://www.scipy.org/",
  note = {[Online; accessed 2016-03-14]}
}

@Misc{pict,
  author =    {AppliedDevice},
  title =     {PicTriev: searching faces on the web},
  year =      {2010},
  url = "http://www.pictriev.com/fc.php",
  note = {[Online; accessed 2016-03-14]}
}
